<?xml version="1.0" encoding="UTF-8"?><collection><record><leader>07238ntm a2200613 a 4500</leader><controlfield tag="001">006079733</controlfield><controlfield tag="003">MiAaHDL</controlfield><controlfield tag="005">20190719000000.0</controlfield><controlfield tag="006">m        d        </controlfield><controlfield tag="007">cr bn ---auaua</controlfield><controlfield tag="008">090413q17291730xx            00| ||ara d</controlfield><datafield tag="035" ind1=" " ind2=" "><subfield code="a">(MiU)006079733</subfield></datafield><datafield tag="035" ind1=" " ind2=" "><subfield code="a">sdr-miu006079733</subfield></datafield><datafield tag="040" ind1=" " ind2=" "><subfield code="a">MiU</subfield><subfield code="c">MiU</subfield><subfield code="e">amremm</subfield></datafield><datafield tag="043" ind1=" " ind2=" "><subfield code="a">n-us-mi</subfield></datafield><datafield tag="100" ind1="0" ind2=" "><subfield code="6">880-01</subfield><subfield code="a">Abū Ḥanīfah,</subfield><subfield code="d">-767 or 768.</subfield></datafield><datafield tag="245" ind1="1" ind2="3"><subfield code="6">880-03</subfield><subfield code="a">[al-Fiqh al-akbar wa-Abū al-Muntahá ʻalá al-Fiqh al-akbar,</subfield><subfield code="f">1142, i.e. 1729 or 1730].</subfield></datafield><datafield tag="260" ind1=" " ind2=" "><subfield code="c">[1729 or 1730]</subfield></datafield><datafield tag="300" ind1=" " ind2=" "><subfield code="a">50 leaves :</subfield><subfield code="b">paper ;</subfield><subfield code="c">203 x 143 (160-163 x 80-90) mm. bound to 203 x 148 mm.</subfield></datafield><datafield tag="500" ind1=" " ind2=" "><subfield code="a">Shelfmark: Ann Arbor, University of Michigan, Special Collections Library, Isl. Ms. 64</subfield></datafield><datafield tag="500" ind1=" " ind2=" "><subfield code="a">Origin: As appears in colophon on fol.49a (p.103), copied 1142 [1729 or 1730].</subfield></datafield><datafield tag="500" ind1=" " ind2=" "><subfield code="a">Former shelfmark: British Museum, London "No. 88. Abu Hanifah's Al-Fikh al-akbar." ; on tail-edge in black ink "٣٩٣".</subfield></datafield><datafield tag="500" ind1=" " ind2=" "><subfield code="a">Binding: Pasteboards faced in dark blue coated and textured paper (embossed with floral vegetal design) and green leather over spine, fore-edge flap and turn-ins (paper faced, leather edged, framed binding) ; Type II binding (with flap) ; upper and lower covers as well as envelope flap carry gold-stamped border ; flyleaves and pastedowns in green wove paper ; interior of fore-edge flap in blue-green silk ; interior of envelope flap in marbled paper (red, lavender, and white) ; sewn in white thread, six stations ; no endbands ; in good condition with only slight abrasion, staining, etc.</subfield></datafield><datafield tag="500" ind1=" " ind2=" "><subfield code="a">Support: European laid paper, likely three types ; flyleaves in European laid paper with chain lines running horizontally spaced roughly 23 mm. apart and laid lines running vertically spaced roughly 15 laid lines per cm., eagle watermark and lion rampant in shield watermark ; early quires in heavy cream European laid paper with chain lines running horizontally spaced 28-30 mm. apart, laid lines running vertically spaced roughly 10 laid lines per cm., watermarks partially visible ; mid to latter quires in darker, crisp, thin and transluscent European laid paper with chain lines running horizontally spaced 26-28 mm., laid lines running vertically spaced roughly 12 laid lines per cm., watermarks and countermarks partially visible.</subfield></datafield><datafield tag="500" ind1=" " ind2=" "><subfield code="a">Decoration: Text enclosed in red rule-border ; text rubricated with section headings, keywords, overlining, etc. in red.</subfield></datafield><datafield tag="500" ind1=" " ind2=" "><subfield code="a">Script: Naskh ; clear Turkish hand ; strong effect of slant to the left ; mainly serifless but with occasional right-sloping head serif appearing on joined alif, ṭāʼ, etc. ; kāf mashkūlah preferred ; mix of open and closed counters.</subfield></datafield><datafield tag="500" ind1=" " ind2=" "><subfield code="a">Layout: Written mainly in 19 lines per page ; frame-ruled ; many leaves of early quires left at larger dimension to accomodate marginalia, folded rather than trimmed.</subfield></datafield><datafield tag="500" ind1=" " ind2=" "><subfield code="a">Collation: iii, 5 V (50), iii ; entirely quinions ; catchwords present ; foliation in black ink, Hindu-Arabic numerals, from second folio, first appears on fol.6 (p.17) with "٥" ; pagination in pencil, Western numerals, supplied during digitization (flyleaves paginated).</subfield></datafield><datafield tag="500" ind1=" " ind2=" "><subfield code="a">Colophon: "Scribal," triangular, reads: "تمت الكتاب بعون الله الملك الوهاب سنة ١١٤٢"</subfield></datafield><datafield tag="500" ind1=" " ind2=" "><subfield code="a">Explicit: "يوافق ويثبت على اعتقاد صحيح وعمل صالح من تعلق مشيئته الازلية في الازل بهدايته قول الامام الاعظم رحمة الله عليه يهدى من يشاء الى صراط مستقيم كانه قال فما علينا الا البلاغ المبين والله يهدى من يشاء الى صراط مستقيم اللهم يا هادي المهتدين اهدنا الصراط المستقيم"</subfield></datafield><datafield tag="500" ind1=" " ind2=" "><subfield code="a">Incipit: "[al-Fiqh al-akbar] قال اصل التوحيد وما يصح الاعتقاد عليه يجب ان يقول امنت بالله وملائكه وكتبه ورسوله والبعث بعد الموت وبالقدر خيره وشره ... [Sharḥ al-Fiqh al-akbar] الحمد لله الذي هدانا الى طريق اهل السنة والجماعة بفضله العظيم ... فيقول العبد الضعيف المذنب ابو المنتهى عصمه الله تعالى الكبير الكريم عن الخطايا والمعاصي وعن الاعتقاد الفاسدة [كذا] العقيم ان كتاب الفقه الاكبر الذي صنفه الامام الاعظم ابو حنيفه رحمة الله عليه كتاب صحيح مقبول بين اهل السنة والجماعة..."</subfield></datafield><datafield tag="500" ind1=" " ind2=" "><subfield code="a">Title supplied by catloguer from inscriptions on fol.1a (p.7).</subfield></datafield><datafield tag="500" ind1=" " ind2=" "><subfield code="a">Ms. codex.</subfield></datafield><datafield tag="505" ind1="0" ind2=" "><subfield code="a">3. fol.49b-50b : [left blank].</subfield></datafield><datafield tag="505" ind1="0" ind2=" "><subfield code="a">2. fol.6a-fol.49a : [Sharḥ al-Fiqh al-akbar] / Abū al-Muntahá Aḥmad ibn Muḥammad al-Maghnīsāwī.</subfield></datafield><datafield tag="505" ind1="0" ind2=" "><subfield code="a">1. fol.1a-fol.6a : al-Fiqh al-akbar / Abū Ḥanīfah.</subfield></datafield><datafield tag="510" ind1="4" ind2=" "><subfield code="a">Brockelmann, C. GAL,</subfield><subfield code="c">I 170</subfield></datafield><datafield tag="520" ind1="8" ind2=" "><subfield code="a">Well-annotated copy of the theological treatise attributed to Abū Ḥanifah (d.150/767), followed by a commentary by Abū al-Muntahá Aḥmad ibn Muḥammad al-Maghnīsāwī (d.1000/1592).</subfield></datafield><datafield tag="538" ind1=" " ind2=" "><subfield code="a">Mode of access: Internet.</subfield></datafield><datafield tag="541" ind1=" " ind2=" "><subfield code="c">Purchase ;</subfield><subfield code="a">Acquired by purchase along with Abdul Hamid Collection (funds donated by Horace Rackham).</subfield><subfield code="d">1924.</subfield></datafield><datafield tag="546" ind1=" " ind2=" "><subfield code="a">Arabic.</subfield></datafield><datafield tag="561" ind1=" " ind2=" "><subfield code="a">Bookplate of British Museum, London on inner front cover,"British Museum, London. No. 88. Abu Hanifah's Al-Fikh al-akbar." ; circular seal impression with figure of goat / gazelle in purple ink as well as inscription "177" in Western numerals on front flyleaf (p.1) ; circular waqf-seal impression in black ink appearing on fol.1a (p.7), fol.49b (p.104), etc. reads: "هذا وقف الراجي فيض الصمدي الشيخ احمد ضيا الدين ابن مصطفى الخالدي فمن بدله بعد ما سمعه فانما اثمه على الذين يبدلونه" in name of Aḥmad Ḍiyāʼ al-Dīn ibn Muṣṭafá al-Khālidī (i.e. Ahmed Ziyâüddîn Gümüşhanevî, d. 1893 or 4) ; numerous marginal and interlinear glosses and corrections ; a few notabilia (side heads) marked "مطلب" ; on fol.50b (p.106) a contents listing.</subfield></datafield><datafield tag="600" ind1="0" ind2="0"><subfield code="a">Abū Ḥanīfah,</subfield><subfield code="d">-767 or 768.</subfield><subfield code="t">Fiqh al-akbar.</subfield></datafield><datafield tag="650" ind1=" " ind2="0"><subfield code="a">Manuscripts, Arabic</subfield><subfield code="z">Michigan</subfield><subfield code="z">Ann Arbor.</subfield></datafield><datafield tag="650" ind1=" " ind2="0"><subfield code="a">Islamic law</subfield><subfield code="v">Early works to 1800.</subfield></datafield><datafield tag="650" ind1=" " ind2="0"><subfield code="a">Hanafites</subfield><subfield code="v">Early works to 1800.</subfield></datafield><datafield tag="700" ind1="1" ind2=" "><subfield code="6">880-05</subfield><subfield code="a">Maghnīsāwī, Aḥmad ibn Muḥammad,</subfield><subfield code="d">-1591 or 1592.</subfield><subfield code="t">Sharḥ al-Fiqh al-akbar.</subfield></datafield><datafield tag="740" ind1="0" ind2="2"><subfield code="a">شرح فقه اكبر ابو المنتهى من العقايد لامام اعظم</subfield></datafield><datafield tag="740" ind1="0" ind2="2"><subfield code="a">فقه اكبر امام اعظم</subfield></datafield><datafield tag="740" ind1="0" ind2="2"><subfield code="a">Abū al-Muntahá ʻalá al-Fiqh al-akbar</subfield></datafield><datafield tag="773" ind1="0" ind2=" "><subfield code="a">Tiflis Collection.</subfield></datafield><datafield tag="880" ind1="1" ind2=" "><subfield code="6">700-05/</subfield><subfield code="a">مغنيساوي، احمد بن محمد،</subfield><subfield code="d">ت. 1591 أو 2.</subfield><subfield code="t">شرح الفقه الاكبر.</subfield></datafield><datafield tag="880" ind1="1" ind2="2"><subfield code="6">245-03/</subfield><subfield code="a">[الفقه الأكبر وأبو المنتهى على الفقه الاكبر,</subfield><subfield code="f">1142ه, 1729 او 1730م].</subfield></datafield><datafield tag="880" ind1="0" ind2=" "><subfield code="6">100-01/</subfield><subfield code="a">ابو حنيفة.</subfield></datafield><datafield tag="CID" ind1=" " ind2=" "><subfield code="a">006079733</subfield></datafield><datafield tag="DAT" ind1="0" ind2=" "><subfield code="a">20190719102634.0</subfield><subfield code="b">20190719000000.0</subfield></datafield><datafield tag="DAT" ind1="1" ind2=" "><subfield code="a">20190719090653.0</subfield><subfield code="b">2019-07-19T16:11:13Z</subfield></datafield><datafield tag="DAT" ind1="2" ind2=" "><subfield code="a">2015-10-02T18:00:03Z</subfield></datafield><datafield tag="CAT" ind1=" " ind2=" "><subfield code="a">SDR-MIU</subfield><subfield code="d">EX LIBRIS - ALEPH</subfield><subfield code="l">prepare.pl-004-008</subfield></datafield><datafield tag="FMT" ind1=" " ind2=" "><subfield code="a">BK</subfield></datafield><datafield tag="HOL" ind1=" " ind2=" "><subfield code="0">sdr-miu006079733</subfield><subfield code="a">MiU</subfield><subfield code="b">SDR</subfield><subfield code="c">MIU</subfield><subfield code="p">mdp.39015079125053</subfield><subfield code="s">MIU</subfield><subfield code="1">006079733</subfield></datafield><datafield tag="974" ind1=" " ind2=" "><subfield code="b">MIU</subfield><subfield code="c">MIU</subfield><subfield code="d">20190719</subfield><subfield code="s">lit-dlps-dc</subfield><subfield code="u">mdp.39015079125053</subfield><subfield code="y">1730</subfield><subfield code="r">pd</subfield><subfield code="q">bib</subfield><subfield code="t">non-US bib date2 &lt; 1896</subfield></datafield></record></collection>